<?xml version="1.0" encoding="utf-8"?>
<marc:collection xmlns:marc="http://www.loc.gov/MARC21/slim"
                 xmlns:xsi="http://www.w3.org/2001/XMLSchema-instance"
                 xsi:schemaLocation="http://www.loc.gov/MARC21/slim http://www.loc.gov/standards/marcxml/schema/MARC21slim.xsd">
   <marc:record>
      <marc:leader>02188cam a2200589Ia 4500</marc:leader>
      <marc:controlfield tag="001">9915552643607426</marc:controlfield>
      <marc:controlfield tag="005">20240624162847.0</marc:controlfield>
      <marc:controlfield tag="008">980116s1943    gauab    b   f000 0 eng d</marc:controlfield>
      <marc:datafield tag="016" ind1="7" ind2=" ">
         <marc:subfield code="a">CAT10840220</marc:subfield>
         <marc:subfield code="2">DNAL</marc:subfield>
      </marc:datafield>
      <marc:datafield tag="035" ind1=" " ind2=" ">
         <marc:subfield code="a">806913</marc:subfield>
      </marc:datafield>
      <marc:datafield tag="035" ind1=" " ind2=" ">
         <marc:subfield code="a">(OCoLC)06177576</marc:subfield>
      </marc:datafield>
      <marc:datafield tag="035" ind1=" " ind2=" ">
         <marc:subfield code="a">(DNAL)806913-naldb-Voyager</marc:subfield>
      </marc:datafield>
      <marc:datafield tag="040" ind1=" " ind2=" ">
         <marc:subfield code="a">KUK</marc:subfield>
         <marc:subfield code="b">eng</marc:subfield>
         <marc:subfield code="c">KUK</marc:subfield>
         <marc:subfield code="d">CUY</marc:subfield>
         <marc:subfield code="d">AGL</marc:subfield>
         <marc:subfield code="d">OCLCQ</marc:subfield>
         <marc:subfield code="d">PHA</marc:subfield>
         <marc:subfield code="d">OCLCQ</marc:subfield>
         <marc:subfield code="d">OCLCA</marc:subfield>
         <marc:subfield code="d">OCLCF</marc:subfield>
         <marc:subfield code="d">P4I</marc:subfield>
         <marc:subfield code="d">OCLCQ</marc:subfield>
         <marc:subfield code="d">OCLCO</marc:subfield>
         <marc:subfield code="d">OKS</marc:subfield>
         <marc:subfield code="d">OCLCA</marc:subfield>
      </marc:datafield>
      <marc:datafield tag="043" ind1=" " ind2=" ">
         <marc:subfield code="a">n-us-ga</marc:subfield>
      </marc:datafield>
      <marc:datafield tag="049" ind1=" " ind2=" ">
         <marc:subfield code="a">AGLL</marc:subfield>
      </marc:datafield>
      <marc:datafield tag="050" ind1=" " ind2="0">
         <marc:subfield code="a">F294.H37</marc:subfield>
         <marc:subfield code="b">W96 1943</marc:subfield>
      </marc:datafield>
      <marc:datafield tag="070" ind1="0" ind2=" ">
         <marc:subfield code="a">1.941</marc:subfield>
         <marc:subfield code="b">R5R881 no.6</marc:subfield>
      </marc:datafield>
      <marc:datafield tag="072" ind1=" " ind2="0">
         <marc:subfield code="a">E500</marc:subfield>
      </marc:datafield>
      <marc:datafield tag="086" ind1="0" ind2=" ">
         <marc:subfield code="a">A 36.136:6</marc:subfield>
      </marc:datafield>
      <marc:datafield tag="100" ind1="1" ind2=" ">
         <marc:subfield code="a">Wynne, Waller.</marc:subfield>
      </marc:datafield>
      <marc:datafield tag="245" ind1="1" ind2="0">
         <marc:subfield code="a">Culture of a contemporary rural community :</marc:subfield>
         <marc:subfield code="b">Harmony, Georgia /</marc:subfield>
         <marc:subfield code="c">by Waller Wynne.</marc:subfield>
      </marc:datafield>
      <marc:datafield tag="260" ind1=" " ind2=" ">
         <marc:subfield code="a">Washington, D.C. :</marc:subfield>
         <marc:subfield code="b">U.S. Dept. of Agriculture, Bureau of Agricultural Economics,</marc:subfield>
         <marc:subfield code="c">[1943]</marc:subfield>
      </marc:datafield>
      <marc:datafield tag="300" ind1=" " ind2=" ">
         <marc:subfield code="a">58 pages :</marc:subfield>
         <marc:subfield code="b">illustrations, maps ;</marc:subfield>
         <marc:subfield code="c">28 cm.</marc:subfield>
      </marc:datafield>
      <marc:datafield tag="336" ind1=" " ind2=" ">
         <marc:subfield code="a">text</marc:subfield>
         <marc:subfield code="b">txt</marc:subfield>
         <marc:subfield code="2">rdacontent</marc:subfield>
      </marc:datafield>
      <marc:datafield tag="337" ind1=" " ind2=" ">
         <marc:subfield code="a">unmediated</marc:subfield>
         <marc:subfield code="b">n</marc:subfield>
         <marc:subfield code="2">rdamedia</marc:subfield>
      </marc:datafield>
      <marc:datafield tag="338" ind1=" " ind2=" ">
         <marc:subfield code="a">volume</marc:subfield>
         <marc:subfield code="b">nc</marc:subfield>
         <marc:subfield code="2">rdacarrier</marc:subfield>
      </marc:datafield>
      <marc:datafield tag="490" ind1="1" ind2=" ">
         <marc:subfield code="a">Applied Anthropology Documentation Project ;</marc:subfield>
         <marc:subfield code="v">aa138</marc:subfield>
      </marc:datafield>
      <marc:datafield tag="490" ind1="1" ind2=" ">
         <marc:subfield code="a">Rural life studies ;</marc:subfield>
         <marc:subfield code="v">no. 6</marc:subfield>
      </marc:datafield>
      <marc:datafield tag="504" ind1=" " ind2=" ">
         <marc:subfield code="a">Includes bibliographical references.</marc:subfield>
      </marc:datafield>
      <marc:datafield tag="530" ind1=" " ind2=" ">
         <marc:subfield code="a">Also available on the Internet.</marc:subfield>
      </marc:datafield>
      <marc:datafield tag="591" ind1=" " ind2=" ">
         <marc:subfield code="b">NAL Reclamation</marc:subfield>
      </marc:datafield>
      <marc:datafield tag="593" ind1=" " ind2=" ">
         <marc:subfield code="f">Agricola CAT</marc:subfield>
      </marc:datafield>
      <marc:datafield tag="651" ind1=" " ind2="0">
         <marc:subfield code="a">Harmony (Ga.)</marc:subfield>
         <marc:subfield code="x">Social life and customs.</marc:subfield>
      </marc:datafield>
      <marc:datafield tag="650" ind1=" " ind2="0">
         <marc:subfield code="a">Rural conditions.</marc:subfield>
         <marc:subfield code="0">http://id.loc.gov/authorities/subjects/sh85115895</marc:subfield>
      </marc:datafield>
      <marc:datafield tag="650" ind1=" " ind2="0">
         <marc:subfield code="a">Farm life</marc:subfield>
         <marc:subfield code="z">Georgia.</marc:subfield>
      </marc:datafield>
      <marc:datafield tag="651" ind1=" " ind2="7">
         <marc:subfield code="a">Georgia.</marc:subfield>
         <marc:subfield code="2">fast</marc:subfield>
         <marc:subfield code="0">(OCoLC)fst01204622</marc:subfield>
      </marc:datafield>
      <marc:datafield tag="651" ind1=" " ind2="7">
         <marc:subfield code="a">Georgia</marc:subfield>
         <marc:subfield code="z">Harmony.</marc:subfield>
         <marc:subfield code="2">fast</marc:subfield>
         <marc:subfield code="0">(OCoLC)fst01341585</marc:subfield>
      </marc:datafield>
      <marc:datafield tag="655" ind1=" " ind2="3">
         <marc:subfield code="a">Internet resource.</marc:subfield>
      </marc:datafield>
      <marc:datafield tag="710" ind1="1" ind2=" ">
         <marc:subfield code="a">United States.</marc:subfield>
         <marc:subfield code="b">Bureau of Agricultural Economics.</marc:subfield>
         <marc:subfield code="0">http://id.loc.gov/authorities/names/n80060900</marc:subfield>
      </marc:datafield>
      <marc:datafield tag="830" ind1=" " ind2="0">
         <marc:subfield code="a">Applied Anthropology Documentation Project ;</marc:subfield>
         <marc:subfield code="v">aa138.</marc:subfield>
      </marc:datafield>
      <marc:datafield tag="830" ind1=" " ind2="0">
         <marc:subfield code="a">Rural life studies ;</marc:subfield>
         <marc:subfield code="v">no. 6.</marc:subfield>
      </marc:datafield>
      <marc:datafield tag="856" ind1="4" ind2="1">
         <marc:subfield code="u">https://archive.org/details/cultureofcontemp06wynn/page/n3/mode/2up</marc:subfield>
      </marc:datafield>
      <marc:datafield tag="912" ind1=" " ind2=" ">
         <marc:subfield code="a">nalcatalog</marc:subfield>
      </marc:datafield>
      <marc:datafield tag="930" ind1=" " ind2=" ">
         <marc:subfield code="a">20210614</marc:subfield>
         <marc:subfield code="b">00000000</marc:subfield>
         <marc:subfield code="c">00000000</marc:subfield>
      </marc:datafield>
      <marc:datafield tag="939" ind1=" " ind2=" ">
         <marc:subfield code="a">20130906</marc:subfield>
         <marc:subfield code="b">20131018</marc:subfield>
         <marc:subfield code="c">00000000</marc:subfield>
      </marc:datafield>
      <marc:datafield tag="939" ind1=" " ind2=" ">
         <marc:subfield code="a">19980201</marc:subfield>
         <marc:subfield code="b">19980206</marc:subfield>
         <marc:subfield code="c">00000000</marc:subfield>
      </marc:datafield>
      <marc:record>
         <marc:datafield tag="945" ind1=" " ind2=" ">
            <marc:subfield code="a">DigiMet</marc:subfield>
            <marc:subfield code="p">74</marc:subfield>
         </marc:datafield>
      </marc:record>
      <marc:datafield tag="946" ind1=" " ind2=" ">
         <marc:subfield code="a">USDA</marc:subfield>
      </marc:datafield>
      <marc:datafield tag="959" ind1=" " ind2=" ">
         <marc:subfield code="c">2013-09-06</marc:subfield>
         <marc:subfield code="e">ssouder</marc:subfield>
         <marc:subfield code="g">url</marc:subfield>
      </marc:datafield>
      <marc:datafield tag="959" ind1=" " ind2=" ">
         <marc:subfield code="c">2021-06-14</marc:subfield>
         <marc:subfield code="e">arojas</marc:subfield>
         <marc:subfield code="g">upgrade</marc:subfield>
      </marc:datafield>
      <marc:datafield tag="994" ind1=" " ind2=" ">
         <marc:subfield code="a">92</marc:subfield>
         <marc:subfield code="b">AGL</marc:subfield>
      </marc:datafield>
   </marc:record>
</marc:collection>
